
@inproceedings{forthoffer1996automatic,
  title={Automatic incident detection: Wrong-way vehicle detection using image processing},
  author={Forthoffer, M and Bouzar, S and Lenoir, F and Blosseville, JM and Aubert, D},
  booktitle={World Congress on Intelligent Transport Systems: Realizing the Future.},
  year={1996}
}

@article{horn1981determining,
  title={Determining optical flow},
  author={Horn, Berthold KP and Schunck, Brian G},
  journal={Artificial Intelligence},
  volume={17},
  number={1-3},
  pages={185--203},
  year={1981},
  publisher={Elsevier}
}

@inproceedings{monteiro2007wrongway,
  title={Wrongway drivers detection based on optical flow},
  author={Monteiro, Gon{\c{c}}alo and Ribeiro, Miguel and Marcos, Joao and Batista, Jorge},
  booktitle={{IEEE} International Conference on Image Processing ({ICIP})},
  pages={V--141},
  year={2007},
  organization={IEEE}
}

@article{paragios2000geodesic,
  title={Geodesic active contours and level sets for the detection and tracking of moving objects},
  author={Paragios, Nikos and Deriche, Rachid},
  journal={{IEEE} Transactions on Pattern Analysis and Machine Intelligence},
  number={3},
  pages={266--280},
  year={2000},
  publisher={IEEE}
}

@inproceedings{piccardi2004background,
  title={Background subtraction techniques: {A} review},
  author={Piccardi, Massimo},
  booktitle={{IEEE} international conference on Systems, Man and Cybernetics},
  pages={3099--3104},
  year={2004},
  organization={IEEE}
}

@inproceedings{viola2001rapid,
  title={Rapid object detection using a boosted cascade of simple features},
  author={Viola, Paul and Jones, Michael},
  booktitle={{IEEE} Computer Society Conference on Computer Vision and Pattern Recognition ({CVPR})},
  year={2001},
  organization={IEEE}
}

@inproceedings{dalal2005histograms,
  title={Histograms of oriented gradients for human detection},
  author={Dalal, Navneet and Triggs, Bill},
  booktitle={{IEEE} Computer Society Conference on Computer Vision and Pattern Recognition ({CVPR})},
  pages={886--893},
  year={2005},
  organization={IEEE}
}

@manual{itseez2017theopencv,
  title = {The {OpenCV} Reference Manual},
  author={{OpenCV Development Team}},
  organization = {Itseez},
  edition = {3.2.0-dev},
  year = {2017},
  notes = {See \url{http://opencv.org/}}
  }

@manual{deeplearing,
  title = {Deep Learning Documentation},
  author={{Deep Learning Development Team}},
  organization = {deep},
  year = {2017},
  notes = {See \url{http://http://deeplearning.net/}}
  }

@article{cover1967nearest,
  title={Nearest neighbor pattern classification},
  author={Cover, Thomas and Hart, Peter},
  journal={IEEE transactions on information theory},
  number={1},
  pages={21--27},
  year={1967},
  publisher={IEEE}
}

@inproceedings{girshick2014rich,
  title={Rich feature hierarchies for accurate object detection and semantic segmentation},
  author={Girshick, Ross and Donahue, Jeff and Darrell, Trevor and Malik, Jitendra},
  booktitle={Proceedings of the {IEEE} conference on computer vision and pattern recognition},
  pages={580--587},
  year={2014}
}

@inproceedings{girshick2015fast,
	title={Fast r-cnn},
	author={Girshick, Ross},
	booktitle={Proceedings of the {IEEE} international conference on computer vision},
	pages={1440--1448},
	year={2015}
}



